@article{appel2011efficient,
  title={Efficient Verified Red-Black Trees},
  author={Appel, Andrew W.},
  year={2011}
}

@article{kahrs2001red,
  title={Red-black trees with types},
  author={Kahrs, Stefan},
  journal={Journal of functional programming},
  volume={11},
  number={4},
  pages={425--432},
  year={2001},
  publisher={Cambridge Univ Press}
}

@article{okasaki1999functional,
  title={Functional Pearl: Red-Black trees in a functional setting},
  author={Okasaki, Chris},
  journal={J. functional programming},
  volume={9},
  number={4},
  pages={471--477},
  year={1999},
  publisher={Cambridge Univ Press}
}
